<record><leader>00000cas a22000007a 4500</leader><controlfield tag="001">24557105</controlfield><controlfield tag="008">911014u1941uuuufluwr ne      0    0eng d</controlfield><datafield ind1=" " ind2=" " tag="010"><subfield code="a">sn 95066092 </subfield></datafield><datafield ind1=" " ind2=" " tag="040"><subfield code="a">NPH</subfield><subfield code="b">eng</subfield><subfield code="c">NPH</subfield><subfield code="d">NVF</subfield><subfield code="d">OCLCQ</subfield><subfield code="d">OCLCO</subfield></datafield><datafield ind1="1" ind2=" " tag="029"><subfield code="a">AU@</subfield><subfield code="b">000025886816</subfield></datafield><datafield ind1=" " ind2=" " tag="042"><subfield code="a">msc</subfield></datafield><datafield ind1=" " ind2=" " tag="043"><subfield code="a">n-us-fl</subfield><subfield code="a">n-us---</subfield></datafield><datafield ind1="0" ind2="0" tag="245"><subfield code="a">MacDill fly leaf.</subfield></datafield><datafield ind1="3" ind2="0" tag="246"><subfield code="a">Mac Dill fly leaf</subfield></datafield><datafield ind1="1" ind2="3" tag="246"><subfield code="a">Fly Leaf</subfield></datafield><datafield ind1=" " ind2=" " tag="260"><subfield code="a">Port Tampa City [Tampa], Fla. :</subfield><subfield code="b">F. Ralph Givens</subfield></datafield><datafield ind1=" " ind2=" " tag="300"><subfield code="a">v. :</subfield><subfield code="b">ill.</subfield></datafield><datafield ind1=" " ind2=" " tag="310"><subfield code="a">Weekly</subfield></datafield><datafield ind1="0" ind2=" " tag="362"><subfield code="a">Apr. 18, 1941-</subfield></datafield><datafield ind1=" " ind2=" " tag="500"><subfield code="a">"Published weekly for personnel of MacDill Field as a section of the Port Tampa City Beacon."</subfield></datafield><datafield ind1=" " ind2=" " tag="500"><subfield code="a">Published as: Fly Leaf, &lt;July 10, 1943&gt;.</subfield></datafield><datafield ind1=" " ind2="0" tag="651"><subfield code="a">MacDill Field (Fla.)</subfield><subfield code="v">Newspapers.</subfield></datafield><datafield ind1=" " ind2="0" tag="651"><subfield code="a">United States</subfield><subfield code="x">Armed Forces</subfield><subfield code="z">Florida</subfield><subfield code="v">Newspapers.</subfield></datafield><datafield ind1=" " ind2=" " tag="752"><subfield code="a">United States</subfield><subfield code="b">Florida</subfield><subfield code="c">Hillsborough</subfield><subfield code="d">Tampa.</subfield></datafield><datafield ind1=" " ind2=" " tag="752"><subfield code="a">United States</subfield><subfield code="b">Florida</subfield><subfield code="c">Hillsborough</subfield><subfield code="d">MacDill Field.</subfield></datafield></record>